<record><leader>01689cam a2200445 i 4500</leader><controlfield tag="001">6786682</controlfield><controlfield tag="003">OCoLC</controlfield><controlfield tag="005">20150106135739.0</controlfield><controlfield tag="008">140731t20152015flua     b    001 0 eng  </controlfield><datafield ind1=" " ind2=" " tag="010"><subfield code="a">  2014027964</subfield></datafield><datafield ind1=" " ind2=" " tag="020"><subfield code="a">9781466506756 (hardcover : alk. paper)</subfield></datafield><datafield ind1=" " ind2=" " tag="020"><subfield code="a">146650675X (hardcover : alk. paper)</subfield></datafield><datafield ind1=" " ind2=" " tag="035"><subfield code="a">ocn758394893</subfield></datafield><datafield ind1=" " ind2=" " tag="040"><subfield code="a">DLC</subfield><subfield code="b">eng</subfield><subfield code="e">rda</subfield><subfield code="c">DLC</subfield><subfield code="d">BTCTA</subfield><subfield code="d">OCLCO</subfield><subfield code="d">YDXCP</subfield><subfield code="d">CDX</subfield><subfield code="d">SHH</subfield><subfield code="d">UAB</subfield></datafield><datafield ind1=" " ind2=" " tag="042"><subfield code="a">pcc</subfield></datafield><datafield ind1="0" ind2="0" tag="050"><subfield code="a">HV6080</subfield><subfield code="b">.C685 2015</subfield></datafield><datafield ind1="0" ind2="0" tag="082"><subfield code="a">364.3</subfield><subfield code="2">23</subfield></datafield><datafield ind1=" " ind2=" " tag="090"><subfield code="a">HV 6080 C685 2015</subfield><subfield code="b">AEU</subfield></datafield><datafield ind1=" " ind2=" " tag="090"><subfield code="a">HV6080 .C685 2015</subfield><subfield code="b">AEGMCT</subfield></datafield><datafield ind1="0" ind2="0" tag="245"><subfield code="a">Crime linkage :</subfield><subfield code="b">theory, research, and practice /</subfield><subfield code="c">edited by Jessica Woodhams, Craig Bennell.</subfield></datafield><datafield ind1=" " ind2="1" tag="264"><subfield code="a">Boca Raton, FL :</subfield><subfield code="b">CRC Press/Taylor &amp; Francis Group,</subfield><subfield code="c">2015.</subfield></datafield><datafield ind1=" " ind2="4" tag="264"><subfield code="c">&#169;2015</subfield></datafield><datafield ind1=" " ind2=" " tag="300"><subfield code="a">xxv, 382 pages :</subfield><subfield code="b">illustrations ;</subfield><subfield code="c">24 cm.</subfield></datafield><datafield ind1=" " ind2=" " tag="336"><subfield code="a">text</subfield><subfield code="b">txt</subfield><subfield code="2">rdacontent</subfield></datafield><datafield ind1=" " ind2=" " tag="337"><subfield code="a">unmediated</subfield><subfield code="b">n</subfield><subfield code="2">rdamedia</subfield></datafield><datafield ind1=" " ind2=" " tag="338"><subfield code="a">volume</subfield><subfield code="b">nc</subfield><subfield code="2">rdacarrier</subfield></datafield><datafield ind1="1" ind2=" " tag="490"><subfield code="a">Advances in police theory and practice series</subfield></datafield><datafield ind1=" " ind2=" " tag="504"><subfield code="a">Includes bibliographical references and index.</subfield></datafield><datafield ind1=" " ind2=" " tag="596"><subfield code="a">16 29</subfield></datafield><datafield ind1=" " ind2="0" tag="650"><subfield code="a">Criminal behavior.</subfield></datafield><datafield ind1=" " ind2="0" tag="650"><subfield code="a">Criminal methods.</subfield></datafield><datafield ind1=" " ind2="0" tag="650"><subfield code="a">Crime analysis.</subfield></datafield><datafield ind1=" " ind2="0" tag="650"><subfield code="a">Criminal behavior, Prediction of.</subfield></datafield><datafield ind1=" " ind2="0" tag="650"><subfield code="a">Criminal investigation.</subfield></datafield><datafield ind1="1" ind2=" " tag="700"><subfield code="a">Woodhams, Jessica.</subfield></datafield><datafield ind1="1" ind2=" " tag="700"><subfield code="a">Bennell, Craig.</subfield></datafield><datafield ind1=" " ind2="0" tag="830"><subfield code="a">Advances in police theory and practice series.</subfield></datafield><datafield ind1=" " ind2=" " tag="949"><subfield code="a">HV 6080 C685 2015</subfield><subfield code="c">1</subfield><subfield code="h">UAAU-B</subfield><subfield code="i">0162035221108</subfield></datafield><datafield ind1=" " ind2=" " tag="926"><subfield code="a">HV 6080 C685 2015</subfield><subfield code="w">LC</subfield><subfield code="c">1</subfield><subfield code="i">0162035221108</subfield><subfield code="l">ON_SHELF</subfield><subfield code="m">UAAUG</subfield><subfield code="p">$150.00</subfield><subfield code="r">Y</subfield><subfield code="s">Y</subfield><subfield code="t">BOOK</subfield><subfield code="u">1/21/2015</subfield></datafield><datafield ind1=" " ind2=" " tag="926"><subfield code="a">HV6080 .C685 2015</subfield><subfield code="w">LC</subfield><subfield code="c">1</subfield><subfield code="i">1007437161</subfield><subfield code="d">5/8/2015</subfield><subfield code="e">4/27/2015</subfield><subfield code="l">ON_SHELF</subfield><subfield code="m">GR_MACEWAN</subfield><subfield code="n">2</subfield><subfield code="p">$99.25</subfield><subfield code="r">Y</subfield><subfield code="s">Y</subfield><subfield code="t">BOOK</subfield><subfield code="u">2/6/2015</subfield></datafield></record>